<?xml version="1.0" encoding="UTF-8"?><collection xmlns="http://www.loc.gov/MARC21/slim"><record><leader>00385nam--2200133-i-4500</leader><controlfield tag="001">000023158</controlfield><controlfield tag="002">20161230</controlfield><controlfield tag="005">20161230201034</controlfield><controlfield tag="008">060222s1000------------r-----000-0-eng-d</controlfield><datafield ind1=" " ind2=" " tag="080"><subfield code="a">061.3:007:3:681.3.06</subfield></datafield><datafield ind1=" " ind2=" " tag="245"><subfield code="a">Information processing 71. vol.1 - foundations and systems</subfield></datafield><datafield ind1=" " ind2=" " tag="260"><subfield code="a">Amsterdam, North-holland Publ.Comp., 1972, Xviii + 775p</subfield></datafield><datafield ind1=" " ind2=" " tag="700"><subfield code="a">Freiman, C. V</subfield></datafield><datafield ind1=" " ind2=" " tag="852"><subfield code="a">37121</subfield></datafield></record></collection>